@misc{ASPE_2023, title={Ownership of Hospitals: An analysis of newly-released federal ...}, url={https://aspe.hhs.gov/sites/default/files/documents/582de65f285646af741e14f82b6df1f6/hospital-ownership-data-brief.pdf}, journal={Office of Health Policy}, author={ASPE}, year={2023}} 

@misc{Kindful_2021, url={https://kindful.com/nonprofit-glossary/board-of-directors/#:~:text=A%20board%20of%20directors%2C%20also,and%20accountability%20of%20the%20organization.}, journal={Kindful}, year={2021}, month={Jun}} 